%CHAPTER 1
@misc{Gopnik2012, 
  title={Can Science Explain Why We Tell Stories?}, 
  url={http://www.newyorker.com/books/page-turner/can-science-explain-why-we-tell-stories}, 
  journal={The New Yorker}, 
  author={Gopnik, Adam}, 
  year={2012}
} 

@misc{Widrich2012, 
  title={The Science of Storytelling: Why Telling a Story is the Most Powerful Way to Activate Our Brains}, 
  url={http://lifehacker.com/5965703/the-science-of-storytelling-why-telling-a-story-is-the-most-powerful-way-to-activate-our-brains}, 
  journal={Lifehacker}, 
  author={Widrich, Leo}, 
  year={2012}
}

@article{McAdams2006,
  title={The role of narrative in personality psychology today},
  author={McAdams, Dan P},
  journal={Narrative Inquiry},
  volume={16},
  number={1},
  pages={11--18},
  year={2006},
  publisher={John Benjamins Publishing Company}
}

@article{BoydEllison2010, 
  author={D. M. Boyd and N. B. Ellison}, 
  journal={IEEE Engineering Management Review}, 
  title={Social network sites: definition, history, and scholarship}, 
  year={2010}, 
  volume={38}, 
  number={3}, 
  pages={16-31}, 
  doi={10.1109/EMR.2010.5559139}, 
  ISSN={0360-8581}
}

@misc{Harden2016, 
  title={Facebook Statistics}, 
  url={http://www.statisticbrain.com/facebook-statistics/}, 
  journal={Statistic Brain}, 
  author={Harden, Seth}, 
  year={2016}
 }

@article{West20131,
  title = "Facebook sharing: A sociolinguistic analysis of computer-mediated storytelling",
  journal = "Discourse, Context and Media ",
  volume = "2",
  number = "1",
  pages = "1-13",
  year = "2013",
  note = "",
  issn = "2211-6958",
  url = "http://www.sciencedirect.com/science/article/pii/S2211695812000682",
  author = "Laura E. West",
}

@misc{TheFreeDictionary2016,
  author = {TheFreeDictionary},
  url={http://www.thefreedictionary.com/},
  urldate={2016-11-1},
  journal={TheFreeDictionary.com},
  year={2016}
}

@misc{Oxford2016,
  author={Oxford},
  url={https://en.oxforddictionaries.com},
  journal={Oxford Dictionaries | English},
  year={2016}
}

@misc{FacebookDownload, 
  title={Downloading Your Info}, 
  author={Facebook},
  year={2012},
  url={https://www.facebook.com/help/131112897028467}, 
  journal={Downloading Your Info}
} 

@article{Gervas2012,
  title={Story generator algorithms},
  author={Gerv{\'a}s, Pablo},
  journal={The Living Handbook of Narratology. Hamburg: Universidade de Hamburgo. Dispon{\'\i}vel em: http://www. lhn. uni-hamburg. de/article/story-generator-algorithms Acesso em},
  volume={19},
  year={2012}
}

@inproceedings{Li2013,
  title={Story Generation with Crowdsourced Plot Graphs.},
  author={Li, Boyang and Lee-Urban, Stephen and Johnston, George and Riedl, Mark},
  booktitle={AAAI},
  year={2013}
}

@inproceedings{Jain2016TowardsAE,
	title={Towards Accurate Event Detection in Social Media: A Weakly Supervised Approach for Learning Implicit Event Indicators},
	author={Ajit Jain and Girish Kasiviswanathan and Ruihong Huang},
	year={2016}
}








%CHAPTER 2
@misc{Technopedia2016,
  author={Technopedia},
  url={https://www.techopedia.com/definition/25328/data-extraction},
  journal={Techopedia.com},
  year={2016}
}

@misc{FacebookDownload2,
  author={Pradhan, Kunal},
  url={https://www.facebook.com/notes/terabug/download-all-facebook-photos-status-wall-posts-together-in-zip-file/10150118571353989/},
  journal={Facebook.com},
  year={2010}
}

@article{WeaverTarjan2013,
  title={Facebook linked data via the graph API},
  author={Weaver, Jesse and Tarjan, Paul},
  journal={Semantic Web},
  volume={4},
  number={3},
  pages={245--250},
  year={2013},
  publisher={IOS Press}
}

@misc{FacebookGraphAndroid2016, 
  title={The Graph API}, 
  author={Facebook},
  year={2016},
  url={https://developers.facebook.com/docs/graph-api},
  journal={Facebook Developers}
}

@misc{Facepager2016,
  title={Facepager. An application for generic data retrieval through APIs},
  author={Keyling, Till and Jünger, Jakob},
  url={https://github.com/strohne/Facepager},
  journal={GitHub},
  year={2016}
}

@article{ZhangLecun2015,
  title={Text understanding from scratch},
  author={Zhang, Xiang and LeCun, Yann},
  journal={arXiv preprint arXiv:1502.01710},
  year={2015}
}

@misc{FastText2016,
  title={fastText},
  author={Joulin, Armand and Grave, Edouard and Bojanowski, Piotr and Mikolov, Tomas},
  url={https://research.facebook.com/blog/fasttext/},
  journal={Research at Facebook},
  year={2016}
}

@misc{Techcrunch2016,
  author={Mannes, John},
  title={Facebook's Artificial Intelligence Research lab releases open source fastText on GitHub},
  url={https://techcrunch.com/2016/08/18/facebooks-artificial-intelligence-research-lab-releases-open-source-fasttext-on-github/?ncid=rss\&utm_source=feedburner\&utm_medium=feed\&utm_campaign=Feed\%3A\%20Techcrunch\%20(TechCrunch)\&utm_content=FaceBook\&sr_share=facebook},
  journal={TechCrunch},
  year={2016}
}

@misc{DeepText2016, 
  title={Introducing DeepText: Facebook's text understanding engine}, 
  url={https://code.facebook.com/posts/181565595577955/introducing-deeptext-facebook-s-text-understanding-engine/}, 
  journal={Facebook Code},
  author={Abdulkader, Ahmad and Lakshmiratan, Aparna and Zhang, Joy},
  year={2016}
 }  
 
@misc{GoogleAPI2016,
  author={Google},
  url={https://cloud.google.com/natural-language/},
  journal={Google Developers},
  year={2016}
}

@article{Gervas2009,
  title={Computational Approaches to Styorytelling and Creativity},
  author={Gerv{\'a}s, Pablo},
  year={2009},
  pages={49-62},
  ISSN={0738-4602},
  journal={AI Magazine. Association for the Advancement of Artificial Intelligence}
}

@inproceedings{MendezGervasDeleon2014,
  title={A model of character affinity for agent-based story generation},
  author={M{\'e}ndez, Gonzalo and Gerv{\'a}s, Pablo and Le{\'o}n, Carlos},
  booktitle={9th International Conference on Knowledge, Information and Creativity Support Systems, Limassol, Cyprus},
  volume={11},
  pages={2014},
  year={2014}
}

@inproceedings{LaclaustraLedesmaMendezGervas2014,
  title={Kill the dragon and rescue the princess: Designing a plan-based multi-agent story generator},
  author={Laclaustra, Iv{\'a}n M and Ledesma, Jos{\'e} L and M{\'e}ndez, Gonzalo and Gerv{\'a}s, Pablo},
  booktitle={5th International Conference on Computational Creativity},
  year={2014}
}

@inproceedings{Mawhorter2013,
  title={Reader-Model-Based Story Generation},
  author={Mawhorter, Peter},
  booktitle={Ninth Artificial Intelligence and Interactive Digital Entertainment Conference},
  year={2013}
}

@inproceedings{Meehan1977,
  title={TALE-SPIN, An Interactive Program that Writes Stories},
  author={Meehan, James R.},
  booktitle={International Joint Conference on Artificial Intelligence},
  volume={77},
  pages={91--98},
  year={1977},
  organization={Citeseer}
}

@article{PerezSharples2004,
  title = "Three computer-based models of storytelling: BRUTUS, MINSTREL and MEXICA",
  journal = "Knowledge-Based Systems ",
  volume = "17",
  number = "1",
  pages = "15 - 29",
  year = "2004",
  note = "",
  issn = "0950-7051",
  url = "http://www.sciencedirect.com/science/article/pii/S0950705103000480",
  author = "Rafael P{\'e}rez y P{\'e}rez and Mike Sharples",
}

@inproceedings{McIntyreLapata2009,
  title={Learning to tell tales: A data-driven approach to story generation},
  author={McIntyre, Neil and Lapata, Mirella},
  booktitle={Proceedings of the Joint Conference of the 47th Annual Meeting of the ACL and the 4th International Joint Conference on Natural Language Processing of the AFNLP: Volume 1-Volume 1},
  pages={217--225},
  year={2009},
  organization={Association for Computational Linguistics}
}

@misc{angenhancing,
  title={Enhancing Event-Based Semantics in the Ontology of Picture Books 2},
  author={Ang, Karen and Ong, Ethel},
  year={2010}
}

@msic{picbooks4, 
  title = {Enhancing Character Interaction in a Multiple-Character Story Generation}, 
  author={Adolfo, Bianca Trish and Lao, Jerson and Rivera, Joanna Pauline and Talens, John Zem and Ong, Ethel},
  year={2015},
  school={Unpublished Undergraduate Thesis, De La Salle University-Manila}
}

@article{CheungChiuLee2011,
  title={Online social networks: Why do students use facebook?},
  author={Cheung, Christy MK and Chiu, Pui-Yee and Lee, Matthew KO},
  journal={Computers in Human Behavior},
  volume={27},
  number={4},
  pages={1337--1343},
  year={2011},
  publisher={Elsevier}
}

@article{HughesRoweBateyLee2012,
  title={A tale of two sites: Twitter vs. Facebook and the personality predictors of social media usage},
  author={Hughes, David John and Rowe, Moss and Batey, Mark and Lee, Andrew},
  journal={Computers in Human Behavior},
  volume={28},
  number={2},
  pages={561--569},
  year={2012},
  publisher={Elsevier}
}

@article{Crymble2010,
  title={An analysis of Twitter and Facebook use by the archival community},
  author={Crymble, Adam},
  journal={Archivaria},
  volume={70},
  number={2},
  pages={125--151},
  year={2010},
  publisher={Association of Canadian Archivists}
}

@misc{Rao2010, 
  title={Twitter Added 30 Million Users In The Past Two Months}, 
  url={https://techcrunch.com/2010/10/31/twitter-users/}, 
  journal={TechCrunch},
  author={Rao, Leena}, 
  year={2010}
} 

@misc{PearAnalytics2009,
  title={Twitter Study - August 2009},
  author={PearAnalytics},
  url={https://web.archive.org/web/20110715062407/www.pearanalytics.com/blog/wp-content/uploads/2010/05/Twitter-Study-August-2009.pdf},
  year={2009}
}

@article {EllisonSteinfieldLampe2007,
  author = {Ellison, Nicole B. and Steinfield, Charles and Lampe, Cliff},
  title = {The Benefits of Facebook “Friends:” Social Capital and College Students’ Use of Online Social Network Sites},
  journal = {Journal of Computer-Mediated Communication},
  volume = {12},
  number = {4},
  publisher = {Blackwell Publishing Inc},
  issn = {1083-6101},
  doi = {10.1111/j.1083-6101.2007.00367.x},
  pages = {1143--1168},
  year = {2007},
}

@INPROCEEDINGS{FarahbakhshHanCuevasCrespi2013, 
  author={R. Farahbakhsh and X. Han and Á Cuevas and N. Crespi}, 
  booktitle={Advances in Social Networks Analysis and Mining (ASONAM), 2013 IEEE/ACM International Conference on}, 
  title={Analysis of publicly disclosed information in Facebook profiles}, 
  year={2013}, 
  pages={699-705},
}

@misc{Chaffey2016, 
  title={Global Social Media Statistics Summary 2016}, 
  author={Chaffey, Dave},
  url={http://www.smartinsights.com/social-media-marketing/social-media-strategy/new-global-social-media-research/}, 
  journal={Smart Insights}, 
  year={2016}
}

@article{Westlake2008,
  title={Friend me if you Facebook: Generation Y and performative surveillance},
  author={Westlake, EJ},
  journal={TDR/The Drama Review},
  volume={52},
  number={4},
  pages={21--40},
  year={2008},
  publisher={MIT Press}
}

@article{NadkarniHofmann2012,
  title = "Why do people use Facebook? ",
  journal = "Personality and Individual Differences ",
  volume = "52",
  number = "3",
  pages = "243 - 249",
  year = "2012",
  note = "",
  issn = "0191-8869",
  url = "http://www.sciencedirect.com/science/article/pii/S0191886911005149",
  author = "Ashwini Nadkarni and Stefan G. Hofmann",
}

@misc{Doughty2015, 
  title={Facebook is the most popular social network for the over 50s}, 
  url={http://www.telegraph.co.uk/goodlife/11751851/facebook-is-the-most-popular-social-network-for-the-over-50s.html}, 
  journal={The Telegraph}, 
  publisher={Telegraph Media Group}, 
  author={Doughty, Eleanor},
  year={2015}
} 

@book{mars1995towards,
  title={Towards Very Large Knowledge Bases: Knowledge Building \& Knowledge Sharing 1995},
  author={Mars, Nicolaas JI},
  year={1995},
  publisher={Ios Press}
}

@misc{cyc1999,
 url={http://psych.utoronto.ca/users/reingold/courses/ai/cyc.html},
 journal={Psych.utoronto.ca},
 year={1999}
 }

@misc{OpenCyc2002,
  title={OpenCyc},
  url={http://www.opencyc.org/},
  journal={Opencyc.org},
  year={2002}
}
 
@misc{cycinferencing1994,
  title={Overview of Cyc Inferencing},
  url={http://www.cyc.com/overview-cyc-inferencing/},
  journal={Cyc.com},
  year={1994}
}
 
 @misc{wordnet2015,
  title={WordNet: A lexical database for English},
  url={https://wordnet.princeton.edu/},
  journal={Wordnet.princeton.edu},
  year={2015}
}
 
@article{LiuSingh2004,
  title={ConceptNet—a practical commonsense reasoning tool-kit},
  author={Liu, Hugo and Singh, Push},
  journal={BT technology journal},
  volume={22},
  number={4},
  pages={211--226},
  year={2004},
  publisher={Springer}
}

@article{Paquette2013,
  title={Social Media as a Marketing Tool: A Literature Review},
  author={Paquette, Holly},
  year={2013}
}

@phdthesis{Pugh2010,
  title={A Qualitative Study of the Facebook Social Network: the desire to influence, associate, and construct a representative and ideal identity},
  author={Pugh, Jessica Lee},
  year={2010},
  school={California State University}
}

 @misc{FacebookFile, 
   title={Accessing Your Data},
   author={Facebook},
   year={2012},
   url={https://www.facebook.com/help/405183566203254/},
   journal={Accessing Your Data}
}  

@incollection{GolderWilkinsonHuberman2007,
  title={Rhythms of social interaction: Messaging within a massive online network},
  author={Golder, Scott A and Wilkinson, Dennis M and Huberman, Bernardo A},
  booktitle={Communities and technologies 2007},
  pages={41--66},
  year={2007},
  publisher={Springer}
}
 
 @article{MontfortPerez2008,
  title={Integrating a plot generator and an automatic narrator to create and tell stories},
  author={Montfort, Nick and Perez y Perez, RP},
  journal={On Computational Creativity},
  year={2008}
}

@INPROCEEDINGS{Manning14thestanford,
	author = {Christopher D. Manning and Mihai Surdeanu and John Bauer and Jenny Finkel and Prismatic Inc and Steven J. Bethard and David Mcclosky},
	title = {The Stanford CoreNLP Natural Language Processing Toolkit},
	booktitle = {In Proceedings of the 52nd Annual Meeting of the Association for Computational Linguistics: System Demonstrations},
	year = {2014},
	pages = {55--60}
}

@INPROCEEDINGS{setty2014classification,
  title={Classification of facebook news feeds and sentiment analysis},
  author={Setty, Shankar and Jadi, Rajendra and Shaikh, Sabya and Mattikalli, Chandan and Mudenagudi, Uma},
  booktitle={Advances in Computing, Communications and Informatics (ICACCI, 2014 International Conference on},
  pages={18--23},
  year={2014},
  organization={IEEE}
}

@article{choudhury2014personal,
  title={Personal life event detection from social media},
  author={Choudhury, Smitashree and Alani, Harith},
  year={2014},
  publisher={CEUR}
}

@inproceedings{syliongka2015combining,
  title={Combining automatic and manual approaches: Towards a framework for discovering themes in disaster-related Tweets},
  author={Syliongka, Leif Romeritch and Oco, Nathaniel and Lam, Alron Jan and Soriano, Cheryll Ruth and Roldan, Ma Divina Gracia and Magno, Francisco and Cheng, Charibeth},
  booktitle={Proceedings of the 24th International Conference on World Wide Web},
  pages={1239--1244},
  year={2015},
  organization={ACM}
}

@inproceedings{wang2012system,
  title={A system for real-time twitter sentiment analysis of 2012 us presidential election cycle},
  author={Wang, Hao and Can, Dogan and Kazemzadeh, Abe and Bar, Fran{\c{c}}ois and Narayanan, Shrikanth},
  booktitle={Proceedings of the ACL 2012 System Demonstrations},
  pages={115--120},
  year={2012},
  organization={Association for Computational Linguistics}
}

@inproceedings{ang2010generating,
	title={Generating Stories for a Multi-Scene Input Picture},
	author={Ang, K and Antonio, J and Sanchez, D and Yu, S and Ong, E},
	booktitle={Proceedings of the 7th National Natural Language Processing Research Symposium},
	pages={21--26},
	year={2010}
}








%CHAPTER 3
@misc{darwell, title={Facebook brings new status updates to mobile so you can share what you’re watching, eating, feeling and more on the go}, url={http://www.adweek.com/socialtimes/facebook-brings-new-status-updates-to-mobile-so-you-can-share-what-youre-watching-eating-feeling-and-more-on-the-go/293460}, journal={SocialTimes}, author={Darwell, Brittany}}

@misc{Chua2016,
  title={ALICE: Promoting Collaborative Story Writing with a Virtual Peer},
  author={Chua, Hans and Cu, Geraldine and Ibarrientos, Chester and Paguilinan, Moira},
  year={2016},
  school={Unpublished Undergraduate Thesis, De La Salle University-Manila}
}

@inproceedings{SolisSiyTabiraoOng2009,
  title={Planning author and character goals for story generation},
  author={Solis, Candice Jean and Siy, Joan Tiffany and Tabirao, Emerald and Ong, Ethel},
  booktitle={Proceedings of the Workshop on Computational Approaches to Linguistic Creativity},
  pages={63--70},
  year={2009},
  organization={Association for Computational Linguistics}
}

@misc{Youse2005,
  author={Youse},
  title={Ten Elements of Biography},
  year={2005}
}

@misc{WikiediaFacebook2012,
  author={Wikipedia},
  title={List of Facebook features},
  url={https://en.wikipedia.org/wiki/List_of_Facebook_features#News_Feed},[break] urldate={2016-11-2},
  journal={En.wikipedia.org},
  year={2012}
}

@misc{ FacebookToken2013,
  title={Access Tokens - Facebook Login - Documentation - Facebook for Developers},
  url={https://developers.facebook.com/docs/facebook-login/access-tokens/}, 
  journal={Facebook Developers}, 
  author={Facebook},
  year={2013}
} 

@misc{FacebookJavaScript,
  title={JavaScript SDK - Examples},
  url={https://developers.facebook.com/docs/javascript/examples}, 
  journal={Facebook Developers}, 
  author={Facebook}
} 

@misc{FacebookLogin, 
  title={Login Dialog}, 
  url={https://developers.facebook.com/docs/reference/javascript/fb.login/v2.8}, 
  journal={Facebook Developers},
  author={Facebook}
}

@misc{FeldmanLewis2000, 
  title={KDD-2000 Workshop on Text Mining - Call for Papers},
  url={http://www.cs.cmu.edu/~dunja/cfpwshkdd2000.html}, 
  journal={KDD-2000 Workshop on Text Mining - Call for Papers}, 
  author={Feldman, Ronen and Lewis, David},
  year={2000}
} 

@book{IndurkhyaDamerau2010,
  title={Handbook of natural language processing},
  author={Indurkhya, Nitin and Damerau, Fred J},
  volume={2},
  year={2010},
  publisher={CRC Press}
}

@article{JurafskyMartin2000,
  title={Speech and language processing},
  author={Martin, James H and Jurafsky, Daniel},
  journal={International Edition},
  volume={710},
  year={2000}
}

@article{ReiterDale1997,
  title={Building applied natural language generation systems},
  author={Reiter, Ehud and Dale, Robert},
  journal={Natural Language Engineering},
  volume={3},
  number={01},
  pages={57--87},
  year={1997},
  publisher={Cambridge Univ Press}
}

@inproceedings{Speer2012,
  title={Representing General Relational Knowledge in ConceptNet 5.},
  author={Speer, Robert and Havasi, Catherine},
  booktitle={LREC},
  pages={3679--3686},
  year={2012}
}

@incollection{PehcevskiPiwowarski2009,
  author = {Pehcevski, Jovan and Piwowarski, Benjamin},
  booktitle = {Encyclopedia of Database Systems},
  date-added = {2008-09-02 13:52:16 +0100},
  date-modified = {2012-06-25 10:40:40 +0000},
  editor = {{\"O}zsu, M. Tamer and Liu, Ling},
  month = {May},
  pages = {1015--1024},
  publisher = {Springer},
  series = {Encyclopedia of Database Systems},
  title = {Evaluation Metrics for Structured Text Retrieval},
  year = {2009}
}


 @misc{Hamilton, 
 title={How to Evaluate Students’ Writing},
  url={http://creation.com/how-to-evaluate-students-writing},
   journal={How to Evaluate Students' Writing}, 
   author={Hamilton, Fran S}
   } 


@book{Mcgraw2000,
  title={Writer's Choice Writing Assessment and Evaluation Rubrics Grade 9},
  author={McGraw-Hill Staff},
  isbn={9780078232336},
  url={https://books.google.com.ph/books?id=v5mNpk49FMkC},
  year={2000},
  publisher={McGraw-Hill Education}
}







%CHAPTER 5
@inproceedings{chen2008natural,
  title={Natural Language Generation of Museum Object Descriptions based on User Model.},
  author={Chen, Hsiao Wei and Lim, Mary Grace and Perez, Patricia Bea and Reyes, Joanna Patricia and Lim, Nathalie Rose},
  booktitle={PACLIC},
  pages={141--150},
  year={2008}}

@article{sleimi2016generating,
  title={Generating Paraphrases from DBPedia using Deep Learning},
  author={Sleimi, Amin and Gardent, Claire},
  journal={WebNLG 2016},
  pages={54},
  year={2016}
}

@INPROCEEDINGS{Tuffield06ontologicalapproaches,
	author = {Mischa M Tuffield and David E Millard and Nigel R Shadbolt},
	title = {Ontological Approaches to Modelling Narratives},
	booktitle = {2nd AKT DTA Symposium, AKT. Aberdeen},
	year = {2006},
	publisher = {University, UK}
}

%CHAPTER 7
@inproceedings{conf/ht/ChoudhuryA14,
	added-at = {2014-08-14T00:00:00.000+0200},
	author = {Choudhury, Smitashree and Alani, Harith},
	biburl = {https://www.bibsonomy.org/bibtex/23a29b90b64f1f8f80c48261c3a51ae50/dblp},
	booktitle = {HT (Doctoral Consortium / Late-breaking Results / Workshops)},
	crossref = {conf/ht/2014dc},
	editor = {Cena, Federica and da Silva, Altigran Soares and Trattner, Christoph},
	ee = {http://ceur-ws.org/Vol-1210/SP2014_04.pdf},
	interhash = {de4586e0d7214b81234f39b8dbcbf53e},
	intrahash = {3a29b90b64f1f8f80c48261c3a51ae50},
	keywords = {dblp},
	publisher = {CEUR-WS.org},
	series = {CEUR Workshop Proceedings},
	timestamp = {2016-05-31T12:43:26.000+0200},
	title = {Personal Life Event Detection from Social Media.},
	url = {http://dblp.uni-trier.de/db/conf/ht/ht2014dc.html#ChoudhuryA14},
	volume = 1210,
	year = 2014
}

@MISC{Liu12sentimentanalysis,
	author = {Bing Liu},
	title = { Sentiment Analysis and Opinion Mining},
	year = {2012}
}

@inproceedings{DBLP:conf/ecir/KinsellaPB11,
	author    = {Sheila Kinsella and
	Alexandre Passant and
	John G. Breslin},
	title     = {Topic Classification in Social Media Using Metadata from Hyperlinked
	Objects},
	booktitle = {Advances in Information Retrieval - 33rd European Conference on {IR}
	Research, {ECIR} 2011, Dublin, Ireland, April 18-21, 2011. Proceedings},
	pages     = {201--206},
	year      = {2011},
	crossref  = {DBLP:conf/ecir/2011},
	url       = {https://doi.org/10.1007/978-3-642-20161-5_20},
	doi       = {10.1007/978-3-642-20161-5_20},
	timestamp = {Sun, 21 May 2017 01:00:00 +0200},
	biburl    = {http://dblp2.uni-trier.de/rec/bib/conf/ecir/KinsellaPB11},
	bibsource = {dblp computer science bibliography, http://dblp.org}
}

@article{DBLP:journals/corr/VarolFDMF17,
	author    = {Onur Varol and
	Emilio Ferrara and
	Clayton A. Davis and
	Filippo Menczer and
	Alessandro Flammini},
	title     = {Online Human-Bot Interactions: Detection, Estimation, and Characterization},
	journal   = {CoRR},
	volume    = {abs/1703.03107},
	year      = {2017},
	url       = {http://arxiv.org/abs/1703.03107},
	timestamp = {Wed, 07 Jun 2017 14:41:59 +0200},
	biburl    = {http://dblp.uni-trier.de/rec/bib/journals/corr/VarolFDMF17},
	bibsource = {dblp computer science bibliography, http://dblp.org}
}